@article{ChambollePock,
  title={A First-Order Primal-Dual Algorithm for Convex Problems with Applications to imaging},
  author={Antonin Chambolle, Thomas Pock},
  journal={Journal of Mathematical Imaging and Vision },
  number={40},
  pages={120-145},
  year={2011},
}

@article{ChenLanOuyang,
  title={Optimal Primal-Dual Methods for a Class os Saddle Point Problems},
  author={Yunmei Chen, Guanghui Lan and Yuyuan Ouyang},
  journal={SIAM Journal of Optimization},
  volume={24},
  number={4},
  pages={1779-1814},
  year={2011},
  publisher={SIAM}
}

%@article{NemirovskiRubinstein,
%  title={An efficient Stochastic Approximation Algorithm for Stochastic Saddle Point Problems},
%  author={Arkadi Nemirovski, Reuven Y. Rubinstein},
%  journal={Proceedings of the National Academy of Sciences},
%  volume={108},
%  number={18},
%  pages={7321--7326},
%  year={2011},
%  publisher={National Acad Sciences}
%}


@BOOK{NemirovskiRubinstein,
AUTHOR    = {Arkadi Nemirovski, Reuven Y. Rubinstein}, 
EDITOR    = {Moshe Dror, Pierre L'Ecuyer and Ferenc Szidarovszky},
TITLE     = {Modeling Uncertainty An Examination of Stochastic Theory, Methods, and Applications},
PUBLISHER = {Springer},
YEAR      = {2002},
}
